
@book{universityphysics,
   author = {H. D. Young and R. A. Freedman},
   year = {2004},
   title = {University Physics with Modern Physics},
   edition = {11th edition},
   publisher = {Addison Wesley},
   address = {New York},
   page = {567}
}

@article{ahmad2002direct,
  title={{Direct evidence for neutrino flavor transformation from neutral-current interactions in the Sudbury Neutrino Observatory}},
  author={Ahmad, QR and others},
  journal={{Physical Review Letters}},
  volume={89},
  number={1},
  pages={011301},
  year={2002},
  publisher={APS}
}

@online{Biblatex,
author = {Josh Cassidy},
title = {Getting Started with Biblatex},
month = jul,
year = {2013},
url = {https://www.sharelatex.com/blog/2013/07/31/getting-started-with-biblatex.html},
urldate = {2017-06-15}
}

@manual{PASCO,
  title        = {Instruction Manual and Experiment Guide for the PASCO scientific Model TD-8553/8554A/8555},
  organization = {PASCO Scientific},
  address      = {10101 Foothills Blvd., Roseville, CA, USA},
  year         = 1988,
}

